@article{matsumoto_tracking_2013,
    title = {Tracking beaked whales with a passive acoustic profiler float},
    volume = {133},
    issn = {00014966},
    doi = {10.1121/1.4773260},
    pages = {731},
    number = {2},
    journaltitle = {The Journal of the Acoustical Society of America},
    author = {Matsumoto, Haru and Jones, Christopher and Klinck, Holger and Mellinger, David K. and Dziak, Robert P. and Meinig, Christian},
    date = {2013},
    langid = {english},
}
@book{Lamport,
  title     = "\LaTeX: A Document Preparation
              System",
  author    = "Lamport, Leslie",
  publisher = "Addison-Wesley",
  year      = 1994
}
 
@book{Companion,
  title     = "\LaTeX{} Companion",
  author    = "Goossens, Michel and Mittelbach,
              Frank and Samarin, Alexander",
  publisher = "Addison-Wesley",
  year      = 1994
}